@article {MR3052697,
    AUTHOR = {Gut\'{u}, Olivia},
     TITLE = {Peque\~{n}a guia de ortograf\'ia y estilo para escribir matem\'aticas en espa\~{n}ol},
   JOURNAL = {Miscel\'anea Mat.},
  FJOURNAL = {Miscel\'anea Matem\'{a}tica},
    NUMBER = {54},
      YEAR = {2012},
     PAGES = {69--80},
      ISSN = {1665-5478},
   MRCLASS = {00A35},
  MRNUMBER = {3052697},
}
@book {da2016trabajo,
  TITLE    =   {El trabajo de fin de grado y de m{\'a}ster: redacci{\'o}n, defensa y publicaci{\'o}n},
  AUTHOR={da Cunha Fanego, Iria},
  ISBN={9788-4906-4390-7},
  SERIES={Ling{\"u}{\'\i}stica y traducci{\'o}n},
  YEAR={2016},
  PAGES = {i+206},
  PUBLISHER={Universitat Oberta de Catalunya, UOC},
  NOTE = {Pr\'ologo de M. Teresa Cabr\'e.},
}
@book {cas2012,
  TITLE    =   {Escribir y comunicarse en contextos cient\'ificos y acad\'emicos: conocimientos y estrategias},
  AUTHOR={Castello (coord.), Montserrat},
  ISBN={9788-4782-7477-2},
  SERIES={Cr\'itica y fundamentos \textbf{15}},
  YEAR={2012},
  PAGES = {224},
  PUBLISHER={Editorial GRA\'O, de \textsc{irif, s.l.}},
  NOTE = {Pr\'ologo de Anna Camps},
}
@BOOK{guiaFONDO,
  author =       {M.$^{a}$ \'Angeles Fern\'andez \& Julio del Valle},
  title =        {C\'omo iniciarse en la investigaci\'on acad\'emica. Una gu\'ia pr\'actica},
  publisher =    {PUCP - Fondo Editorial},
  year =         {2016},
  PAGES =        {+197},
  note =         {Prefacio Pablo Quintanilla},
  isbn =         {9786-1231-7190-2},
}
@book {warner,
  TITLE    =   {Foundations of Differentiable Manifolds and Lie Groups},
  AUTHOR={Warner, Frank W.},
  ISBN={978-1-4757-1799-0},
  SERIES={Graduate Texts in Mathematics \textbf{15}},
  YEAR={1983},
  PAGES = {276},
  PUBLISHER={Springer-Verlag New York},
  NOTE = {P},
}

